@article{breiman2001,
	Author = {Breiman, L},
	Journal = {Statistical Science},
	Pages = {199--231},
	Title = {Statistical modeling: The two cultures},
	Volume = {3},
	Year = {2001}}

@incollection{newell1973,
	Author = {Newell, Allen},
	Booktitle = {Visual Information Processing},
	Editor = {Chase, W. G.},
	Pages = {1--26},
	Publisher = {New York: Academic Press},
	Title = {You can't play 20 questions with nature and win: Projective comments on the papers of this symposium},
	Year = {1973}}

@article{brysbaert2014,
	Author = {Brysbaert, Marc and Warriner, Amy Beth and Kuperman, Victor},
	Journal = {Behavior research methods},
	Number = {3},
	Pages = {904--911},
	Publisher = {Springer},
	Title = {Concreteness ratings for 40 thousand generally known {E}nglish word lemmas},
	Volume = {46},
	Year = {2014}}

@article{warriner2013,
	Author = {Warriner, Amy Beth and Kuperman, Victor and Brysbaert, Marc},
	Journal = {Behavior research methods},
	Number = {4},
	Pages = {1191--1207},
	Publisher = {Springer},
	Title = {Norms of valence, arousal, and dominance for 13,915 {E}nglish lemmas},
	Volume = {45},
	Year = {2013}}

@article{perry2015,
	Author = {Perry, Lynn K and Perlman, Marcus and Lupyan, Gary},
	Journal = {PloS one},
	Number = {9},
	Pages = {e0137147},
	Publisher = {Public Library of Science},
	Title = {Iconicity in {E}nglish and {S}panish and Its Relation to Lexical Category and Age of Acquisition},
	Volume = {10},
	Year = {2015}}

@book{macwhinney2000,
	Author = {MacWhinney, Brian},
	Publisher = {Psychology Press},
	Title = {The {CHILDES} project: The database},
	Volume = {2},
	Year = {2000}}

@book{fenson2007,
	Author = {Fenson, Larry},
	Publisher = {Paul H. Brookes Publishing Company},
	Title = {MacArthur-{B}ates {C}ommunicative {D}evelopment {I}nventories: user's guide and technical manual},
	Year = {2007}}

@book{bloom2002,
	Author = {Bloom, Paul},
	Publisher = {MIT press},
	Title = {How children learn the meanings of words},
	Year = {2002}}

@article{huttenlocher1991,
	Author = {Huttenlocher, Janellen and Haight, Wendy and Bryk, Anthony and Seltzer, Michael and Lyons, Thomas},
	Journal = {Developmental psychology},
	Number = {2},
	Pages = {236},
	Publisher = {American Psychological Association},
	Title = {Early vocabulary growth: Relation to language input and gender.},
	Volume = {27},
	Year = {1991}}

@article{roy2009,
	Author = {Roy, Brandon C and Frank, Michael C and Roy, Deb},
	Journal = {Proceedings of the Cognitive Science Society},
	Publisher = {Cognitive Science Society, Inc.},
	Title = {Exploring word learning in a high-density longitudinal corpus},
	Year = {2009}}

@article{goodman2008,
	Author = {Goodman, Judith C and Dale, Philip S and Li, Ping},
	Journal = {Journal of child language},
	Number = {3},
	Pages = {515},
	Publisher = {Cambridge Univ Press},
	Title = {Does frequency count? Parental input and the acquisition of vocabulary},
	Volume = {35},
	Year = {2008}}

@article{roy2015,
	Author = {Roy, Brandon C and Frank, Michael C and DeCamp, Philip and Miller, Matthew and Roy, Deb},
	Journal = {Proceedings of the National Academy of Sciences},
	Number = {41},
	Pages = {12663--12668},
	Publisher = {National Acad Sciences},
	Title = {Predicting the birth of a spoken word},
	Volume = {112},
	Year = {2015}}

@article{hills2009,
	Author = {Hills, Thomas T and Maouene, Mounir and Maouene, Josita and Sheya, Adam and Smith, Linda},
	Journal = {Psychological Science},
	Number = {6},
	Pages = {729--739},
	Publisher = {SAGE Publications},
	Title = {Longitudinal Analysis of Early Semantic Networks: Preferential Attachment or Preferential Acquisition?},
	Volume = {20},
	Year = {2009}}

@article{stokes2010,
	Author = {Stokes, Stephanie F},
	Journal = {Journal of Speech, Language, and Hearing Research},
	Number = {3},
	Pages = {670--683},
	Publisher = {ASHA},
	Title = {Neighborhood density and word frequency predict vocabulary size in toddlers},
	Volume = {53},
	Year = {2010}}

@article{mcmurray2012,
	Author = {McMurray, Bob and Horst, Jessica S and Samuelson, Larissa K},
	Date-Added = {2016-01-28 06:06:59 +0000},
	Date-Modified = {2016-01-28 06:07:02 +0000},
	Journal = {Psychological review},
	Number = {4},
	Pages = {831},
	Publisher = {American Psychological Association},
	Title = {Word learning emerges from the interaction of online referent selection and slow associative learning.},
	Volume = {119},
	Year = {2012}}

@article{frank2009,
	Author = {Frank, M. C. and Goodman, N. D. and Tenenbaum, J. B.},
	Date-Added = {2016-01-28 06:06:24 +0000},
	Date-Modified = {2016-01-28 06:06:24 +0000},
	Journal = {Psychological Science},
	Pages = {578--585},
	Title = {Using speakers' referential intentions to model early cross-situational word learning},
	Volume = {20},
	Year = {2009}}

@article{baldwin1995,
	Author = {Baldwin, Dare A},
	Date-Added = {2016-01-28 05:47:48 +0000},
	Date-Modified = {2016-01-28 05:47:51 +0000},
	Journal = {Joint attention: Its origins and role in development},
	Pages = {131--158},
	Title = {Understanding the link between joint attention and language},
	Year = {1995}}

@article{tardif2008,
	Author = {Tardif, Twila and Fletcher, Paul and Liang, Weilan and Zhang, Zhixiang and Kaciroti, Niko and Marchman, Virginia A},
	Date-Added = {2016-01-28 05:45:10 +0000},
	Date-Modified = {2016-01-28 05:45:10 +0000},
	Journal = {Developmental Psychology},
	Number = {4},
	Pages = {929},
	Publisher = {American Psychological Association},
	Title = {Baby's first 10 words},
	Volume = {44},
	Year = {2008}}

@article{bates1994,
	Author = {Bates, Elizabeth and Marchman, Virginia and Thal, Donna and Fenson, Larry and Dale, Philip and Reznick, J Steven and Reilly, Judy and Hartung, Jeff},
	Date-Added = {2016-01-28 04:45:19 +0000},
	Date-Modified = {2016-01-28 04:45:19 +0000},
	Journal = {Journal of Child Language},
	Number = {01},
	Pages = {85--123},
	Publisher = {Cambridge Univ Press},
	Title = {Developmental and stylistic variation in the composition of early vocabulary},
	Volume = {21},
	Year = {1994}}

@article{frankinpress,
	Author = {Frank, Michael C and Braginsky, Mika and Yurovsky, Daniel and Marchman, Virginia A},
	Date-Added = {2016-01-28 04:41:30 +0000},
	Date-Modified = {2016-01-28 04:42:00 +0000},
	Journal = {Journal of Child Language},
	Title = {Wordbank: An open repository for developmental vocabulary data},
	Year = {in press},
	Bdsk-Url-1 = {http://langcog.stanford.edu/papers_new/frank-2015-underreview.pdf}}

@incollection{gentner2001,
	Author = {Gentner, Dedre and Boroditsky, Lera},
	Booktitle = {Language acquisition and conceptual development},
	Publisher = {Cambridge University Press},
	Title = {Individuation, relativity, and early word learning},
	Year = {2001}}

@article{gleitman1990,
	Author = {Gleitman, Lila},
	Date-Added = {2016-01-27 22:23:44 +0000},
	Date-Modified = {2016-01-27 22:23:48 +0000},
	Journal = {Language acquisition},
	Number = {1},
	Pages = {3--55},
	Publisher = {Taylor \& Francis},
	Title = {The structural sources of verb meanings},
	Volume = {1},
	Year = {1990}}

@article{snedeker2007,
	Author = {Snedeker, Jesse and Geren, Joy and Shafto, Carissa L},
	Date-Added = {2016-01-27 22:23:34 +0000},
	Date-Modified = {2016-01-27 22:23:48 +0000},
	Journal = {Psychological science},
	Number = {1},
	Pages = {79--87},
	Publisher = {SAGE Publications},
	Title = {Starting Over: International Adoption as a Natural Experiment in Language Development},
	Volume = {18},
	Year = {2007}}

@article{lewisunderreview,
  Title = {The length of words reflects their conceptual complexity},
  Author = {Lewis, Molly L and Frank, Michael C},
  Year = {under review}}

@article{zipf1935,
  title={The psycho-biology of language.},
  author={Zipf, George Kingsley},
  year={1935},
  publisher={Houghton, Mifflin}
}
